@article{hochreiter1997long,
  title={Long short-term memory},
  author={Hochreiter, Sepp and Schmidhuber, J{\"u}rgen},
  journal={Neural computation},
  volume={9},
  number={8},
  pages={1735--1780},
  year={1997},
  publisher={MIT Press}
}


@techreport{jaeger2012long,
  title={Long short-term memory in echo state networks: Details of a simulation study},
  author={Jaeger, Herbert},
  year={2012},
  institution={Jacobs University Bremen}
}


@article{jaeger2001echo,
  title={The “echo state” approach to analysing and training recurrent neural 
      networks-with an erratum note},
  author={Jaeger, Herbert},
  journal={Bonn, Germany: German National Research Center for Information Technology GMD Technical Report},
  volume={148},
  number={34},
  pages={13},
  year={2001}
}

@article{maass2002real,
  title={Real-time computing without stable states: A new framework for neural computation based on perturbations},
  author={Maass, Wolfgang and Natschl{\"a}ger, Thomas and Markram, Henry},
  journal={Neural Computation},
  volume={14},
  number={11},
  pages={2531--2560},
  year={2002},
  publisher={MIT Press}
}

@article{tanaka2018recent,
  title={Recent advances in physical reservoir computing: a review},
  author={Tanaka, Gouhei and Yamane, Toshiyuki and H{\'e}roux, Jean Benoit and Nakane, Ryosho and Kanazawa, Naoki and Takeda, Seiji and Numata, Hidetoshi and Nakano, Daiju and Hirose, Akira},
  journal={arXiv preprint arXiv:1808.04962},
  year={2018}
}

@article{legenstein2007edge,
  title={Edge of chaos and prediction of computational performance for neural circuit models},
  author={Legenstein, Robert and Maass, Wolfgang},
  journal={Neural Networks},
  volume={20},
  number={3},
  pages={323--334},
  year={2007},
  publisher={Elsevier}
}


@article{verstraeten2007experimental,
  title={An experimental unification of reservoir computing methods},
  author={Verstraeten, David and Schrauwen, Benjamin and d’Haene, Michiel and Stroobandt, Dirk},
  journal={Neural Networks},
  volume={20},
  number={3},
  pages={391--403},
  year={2007},
  publisher={Elsevier}
}

@inproceedings{steil2004backpropagation,
  title={Backpropagation-decorrelation: online recurrent learning with {O}(n) 
      complexity},
  author={Steil, Jochen J},
  booktitle={Neural Networks, 2004. Proceedings. 2004 IEEE International Joint Conference on},
  volume={2},
  pages={843--848},
  year={2004},
  organization={IEEE}
}

@article{yilmaz2014reservoir,
  title={Reservoir computing using cellular automata},
  author={Yilmaz, Ozgur},
  journal={arXiv preprint arXiv:1410.0162},
  year={2014}
}

@article{li2019structure,
  title={Structure optimization for echo state network based on contribution},
  author={Li, Dingyuan and Liu, Fu and Qiao, Junfei and Li, Rong},
  journal={Tsinghua Science and Technology},
  volume={24},
  number={1},
  pages={97--105},
  year={2019},
  publisher={TUP}
}

@inproceedings{burger2015hierarchical,
  title={Hierarchical composition of memristive networks for real-time computing},
  author={B{\"u}rger, Jens and Goudarzi, Alireza and Stefanovic, Darko and Teuscher, Christof},
  booktitle={Nanoscale Architectures (NANOARCH), 2015 IEEE/ACM International Symposium on},
  pages={33--38},
  year={2015},
  organization={IEEE}
}

@article{xue2007decoupled,
  title={Decoupled echo state networks with lateral inhibition},
  author={Xue, Yanbo and Yang, Le and Haykin, Simon},
  journal={Neural Networks},
  volume={20},
  number={3},
  pages={365--376},
  year={2007},
  publisher={Elsevier}
}

@book{wolfram2002new,
  title={A new kind of science},
  author={Wolfram, Stephen},
  volume={5},
  year={2002},
  publisher={Wolfram media Champaign, IL}
}

@article{sun2015cmos,
  title={Cmos and memristor technologies for neuromorphic computing applications},
  author={Sun, Jeff},
  journal={Electrical Engineering and Computer Sciences University of California at Berkeley, Technical Report No. UCB/EECS-2015-219},
  year={2015}
}

@article{cook2004universality,
  title={Universality in elementary cellular automata},
  author={Cook, Matthew},
  journal={Complex systems},
  volume={15},
  number={1},
  pages={1--40},
  year={2004},
  publisher={[Champaign, IL, USA: Complex Systems Publications, Inc., c1987-}
}


@inproceedings{ferreira2011comparing,
  title={Comparing evolutionary methods for reservoir computing pre-training},
  author={Ferreira, Aida A and Ludermir, Teresa B},
  booktitle={Neural Networks (IJCNN), The 2011 International Joint Conference on},
  pages={283--290},
  year={2011},
  organization={IEEE}
}

@article{rodan2011minimum,
  title={Minimum complexity echo state network},
  author={Rodan, Ali and Tino, Peter},
  journal={IEEE Transactions on Neural Networks},
  volume={22},
  number={1},
  pages={131--144},
  year={2011},
  publisher={IEEE}
}

@article{langton1990computation,
  title={Computation at the edge of chaos: phase transitions and emergent computation},
  author={Langton, Chris G},
  journal={Physica D: Nonlinear Phenomena},
  volume={42},
  number={1-3},
  pages={12--37},
  year={1990},
  publisher={Elsevier}
}

@techreport{lukovsevicius2007overview,
  title={Overview of reservoir recipes},
  author={Luko{\v{s}}evicius, Mantas and Jaeger, Herbert},
  institution={School Eng. Sci., Jacobs Univ},
  address={Bremen, Germany},
  year={2007}
}



@mastersthesis{bye2016investigation,
  title={Investigation of elementary cellular automata for reservoir computing},
  author={Bye, Emil Taylor},
  year={2016},
  school={NTNU}
}

@article{jaeger2007echo,
  title={Echo state network},
  author={Jaeger, Herbert},
  journal={Scholarpedia},
  volume={2},
  number={9},
  pages={2330},
  year={2007}
}
@article{jaeger2004harnessing,
  title={Harnessing nonlinearity: Predicting chaotic systems and saving energy in wireless communication},
  author={Jaeger, Herbert and Haas, Harald},
  journal={Science},
  volume={304},
  number={5667},
  pages={78--80},
  year={2004},
  publisher={American Association for the Advancement of Science}
}

@article{dale2018substrate,
  title={A Substrate-Independent Framework to Characterise Reservoir Computers},
  author={Dale, Matthew and Miller, Julian F and Stepney, Susan and Trefzer, Martin A},
  journal={arXiv preprint arXiv:1810.07135},
  year={2018}
}

@book{jaeger2002tutorial,
  title={Tutorial on training recurrent neural networks, covering BPPT, RTRL, 
      EKF and the "echo state network" approach},
  author={Jaeger, Herbert},
  volume={5},
  year={2002},
  publisher={GMD-Forschungszentrum Informationstechnik Bonn}
}

@article{yilmaz2015connectionist,
  title={Connectionist-symbolic machine intelligence using cellular automata based reservoir-hyperdimensional computing},
  author={Yilmaz, Ozgur},
  journal={arXiv preprint arXiv:1503.00851},
  year={2015}
}

@article{snyder2013computational,
  title={Computational capabilities of random automata networks for reservoir computing},
  author={Snyder, David and Goudarzi, Alireza and Teuscher, Christof},
  journal={Physical Review E},
  volume={87},
  number={4},
  pages={042808},
  year={2013},
  publisher={APS}
}

@inproceedings{fernando2003pattern,
  title={Pattern recognition in a bucket},
  author={Fernando, Chrisantha and Sojakka, Sampsa},
  booktitle={European Conference on Artificial Life},
  pages={588--597},
  year={2003},
  organization={Springer}
}

@article{nichele2017deep,
  title={Deep reservoir computing using cellular automata},
  author={Nichele, Stefano and Molund, Andreas},
  journal={arXiv preprint arXiv:1703.02806},
  year={2017}
}

@inproceedings{jones2007there,
  title={Is there a liquid state machine in the bacterium escherichia coli?},
  author={Jones, Ben and Stekel, Dov and Rowe, Jon and Fernando, Chrisantha},
  booktitle={2007 IEEE Symposium on Artificial Life},
  pages={187--191},
  year={2007},
  organization={Ieee}
}

@inproceedings{margem2016much,
  title={How much computation and distributedness is needed in sequence learning tasks?},
  author={Margem, Mrwan and Yilmaz, Ozgur},
  booktitle={International Conference on Artificial General Intelligence},
  pages={274--283},
  year={2016},
  organization={Springer}
}

@mastersthesis{cherupally2017hierarchical,
  title={Hierarchical Random Boolean Network Reservoirs},
  author={Cherupally, Sai Kiran},
  school={Portland State University},
  year={2017}
}
@article{dockendorf2009liquid,
  title={Liquid state machines and cultured cortical networks: The separation property},
  author={Dockendorf, Karl P and Park, Il and He, Ping and Pr{\'\i}ncipe, Jos{\'e} C and DeMarse, Thomas B},
  journal={Biosystems},
  volume={95},
  number={2},
  pages={90--97},
  year={2009},
  publisher={Elsevier}
}

@article{nichele2017reservoir,
  title={Reservoir computing using non-uniform binary cellular automata},
  author={Nichele, Stefano and Gundersen, Magnus S},
  journal={arXiv preprint arXiv:1702.03812},
  year={2017}
}

@article{wuensche1999classifying,
  title={Classifying cellular automata automatically: Finding gliders, filtering, and relating space-time patterns, attractor basins, and the Z parameter},
  author={Wuensche, Andrew},
  journal={Complexity},
  volume={4},
  number={3},
  pages={47--66},
  year={1999},
  publisher={Wiley Online Library}
}

